@article{a3c_trading,
    author  = "Evgeny Ponomarev and Ivan Oseledets and Andrzej Cichocki",
    title   = "Using Reinforcement Learning in the Algorithmic Trading Problem",
    journal = "Journal of Communications Technology and Electronics",
    volume  = "64",
    number  = "12",
    pages   = "1450--1457",
    year    = "2019",
    DOI     = "http://dx.doi.org/10.1134/S1064226919120131i"
}

@article{q_learning,
    author  = "J. Moody and M. Saffell",
    title   = "Learning to trade via direct reinforcement",
    journal = "IEEE Transactions on Neural Networks",
    volume  = "12",
    number  = "4",
    pages   = "875--889",
    year    = "2001",
    DOI     = "http://dx.doi.org/10.1109/72.935097"
}

@article{deep,
    author  = "Y. Deng and F. Bao and Y. Kong and Z. Ren and Q. Dai",
    title   = "Deep Direct Reinforcement Learning for Financial Signal Representation and Trading",
    journal = "IEEE Transactions on Neural Networks and Learning Systems",
    volume  = "28",
    number  = "3",
    pages   = "653--664",
    year    = "2017",
    DOI     = "http://dx.doi.org/10.1109/TNNLS.2016.2522401"
}

@article{ac1,
    author  = "Yuxi Li",
    title   = "Deep Reinforcement Learning: An Overview",
    journal = "",
    volume  = "",
    number  = "",
    pages   = "",
    year    = "2017",
    DOI     = "",
    archivePrefix = "arXiv",
    eprint        = "1701.07274",
    primaryClass  = "cs.LG"
}

@article{ac2,
    author  = "Stelios D. Bekiros",
    title   = "Heterogeneous trading strategies with adaptive fuzzy Actorâ€“Critic reinforcement learning: A behavioral approach",
    journal = "Journal of Economic Dynamics and Control",
    volume  = "34",
    number  = "6",
    pages   = "1153--1170",
    year    = "2010",
    DOI     = "https://doi.org/10.1016/j.jedc.2010.01.015"
}

@misc{comtech,
    author    = "Pleiades Publishing, Inc.",
    title     = "Journal of Communications Technology and Electronics",
    url       = "https://www.pleiades.online/en/journal/comtech/main/"
}
